<record><leader>00000cas a2200000 a 4500</leader><controlfield tag="001">63193406</controlfield><controlfield tag="008">060130d1989199ucauwr ne      0   a0eng c</controlfield><datafield ind1=" " ind2=" " tag="010"><subfield code="a">sn2006060103</subfield></datafield><datafield ind1=" " ind2=" " tag="040"><subfield code="a">CNK</subfield><subfield code="b">eng</subfield><subfield code="c">CNK</subfield><subfield code="d">CNK</subfield><subfield code="d">OCLCQ</subfield><subfield code="d">OCLCF</subfield><subfield code="d">OCLCO</subfield></datafield><datafield ind1="1" ind2=" " tag="029"><subfield code="a">AU@</subfield><subfield code="b">000040182430</subfield></datafield><datafield ind1=" " ind2=" " tag="042"><subfield code="a">pcc</subfield></datafield><datafield ind1=" " ind2=" " tag="043"><subfield code="a">n-us-ca</subfield></datafield><datafield ind1="0" ind2="0" tag="245"><subfield code="a">Murrieta week.</subfield></datafield><datafield ind1=" " ind2=" " tag="260"><subfield code="a">Temecula, CA :</subfield><subfield code="b">Community News Network, Inc.</subfield></datafield><datafield ind1=" " ind2=" " tag="300"><subfield code="a">v.</subfield></datafield><datafield ind1=" " ind2=" " tag="310"><subfield code="a">Weekly</subfield></datafield><datafield ind1="0" ind2=" " tag="362"><subfield code="a">Oct. 12, 1989-</subfield></datafield><datafield ind1=" " ind2=" " tag="500"><subfield code="a">"First edition" appears in smaller print above "Murrieta week" in masthead, Oct. 12, 1989.</subfield></datafield><datafield ind1=" " ind2=" " tag="515"><subfield code="a">Numbering begins with v. 1, no. 4 (Nov. 2, 1989).</subfield></datafield><datafield ind1=" " ind2=" " tag="530"><subfield code="a">Master negatives are available for duplication from:</subfield><subfield code="b">California Newspaper Microfilm Archive;</subfield><subfield code="c">positive copies may be purchased by the reel; for further information consult the CNMA at:</subfield><subfield code="u">http://cbsr.ucr.edu</subfield></datafield><datafield ind1=" " ind2=" " tag="580"><subfield code="a">Published in several local editions.</subfield></datafield><datafield ind1=" " ind2="0" tag="651"><subfield code="a">Murrieta (Calif.)</subfield><subfield code="v">Newspapers.</subfield></datafield><datafield ind1=" " ind2="7" tag="655"><subfield code="a">Newspapers.</subfield><subfield code="2">fast</subfield><subfield code="0">(OCoLC)fst01423814</subfield></datafield><datafield ind1=" " ind2="7" tag="651"><subfield code="a">California</subfield><subfield code="z">Murrieta.</subfield><subfield code="2">fast</subfield><subfield code="0">(OCoLC)fst01238664</subfield></datafield><datafield ind1=" " ind2=" " tag="752"><subfield code="a">United States</subfield><subfield code="b">California</subfield><subfield code="c">Riverside</subfield><subfield code="d">Murrieta.</subfield></datafield><datafield ind1="0" ind2=" " tag="775"><subfield code="t">Temecula week</subfield><subfield code="w">(DLC)sn2006060102</subfield></datafield></record>